@article{antila21using,
author = {Antila, Hanne S. and M. Ferreira, Tiago and Ollila, O. H. Samuli and Miettinen, Markus S.},
title = {{Using Open Data to Rapidly Benchmark Biomolecular Simulations: Phospholipid Conformational Dynamics}},
journal = {J. Chem. Inf. Model.},
volume = {61},
number = {2},
pages = {938-949},
year = {2021},
}

@article{kurki2022structure,
	author = {Kurki, Milla and Poso, Antti and Bartos, Piia and Miettinen, Markus S.},
	journal = {J. Chem. Inf. Model.},
	pages = {6462--6474},
	title = {{Structure of POPC Lipid Bilayers in OPLS3e Force Field}},
	volume = {62},
	year = {2022}
 }

@article{lorent2020plasma,
  title={{Plasma Membranes Are Asymmetric in Lipid Unsaturation, Packing and Protein Shape}},
  author={Lorent, JH and Levental, KR and Ganesan, L and Rivera-Longsworth, G and Sezgin, E and Doktorova, M and Lyman, E and Levental, I},
  journal={Nat. Chem. Biol.},
  volume={16},
  number={6},
  pages={644--652},
  year={2020},
  publisher={Nature Publishing Group}
}

@article{rog2009ordering,
  title={{Ordering Effects of Cholesterol and Its Analogues}},
  author={R{\'o}g, Tomasz and Pasenkiewicz-Gierula, Marta and Vattulainen, Ilpo and Karttunen, Mikko},
  journal={Biochim. Biophys. Acta},
  volume={1788},
  number={1},
  pages={97--121},
  year={2009},
  publisher={Elsevier}
}

@article{van2008membrane,
  title={{Membrane Lipids: Where They Are and How They Behave}},
  author={Van Meer, Gerrit and Voelker, Dennis R and Feigenson, Gerald W},
  journal={Nat. Rev. Mol. Cell. Biol.},
  volume={9},
  number={2},
  pages={112--124},
  year={2008},
  publisher={Nature Publishing Group}
}

@article{enkavi2019multiscale,
  title={{Multiscale Simulations of Biological Membranes: The Challenge to Understand Biological Phenomena in a Living Substance}},
  author={Enkavi, Giray and Javanainen, Matti and Kulig, Waldemar and R{\'o}g, Tomasz and Vattulainen, Ilpo},
  journal={Chem. Rev.},
  volume={119},
  number={9},
  pages={5607--5774},
  year={2019},
  publisher={ACS Publications}
}

@article{berkowitz2009detailed,
  title={{Detailed Molecular Dynamics Simulations of Model Biological Membranes Containing Cholesterol}},
  author={Berkowitz, Max L},
  journal={Biochim. Biophys. Acta},
  volume={1788},
  number={1},
  pages={86--96},
  year={2009},
  publisher={Elsevier}
}

@article{marrink2019computational,
  title={{Computational Modeling of Realistic Cell Membranes}},
  author={Marrink, Siewert J and Corradi, Valentina and Souza, Paulo CT and Ingolfsson, Helgi I and Tieleman, D Peter and Sansom, Mark SP},
  journal={Chem Rev.},
  volume={119},
  number={9},
  pages={6184--6226},
  year={2019},
  publisher={ACS Publications}
}

@article{jorgensen1988opls,
  title={{The OPLS Force Field for Proteins. Energy  Minimizations for Crystals of Cyclic Peptides and Crambin}},
  author={Jorgensen, William L and Tirado-Rives, Julian},
  journal={J. Am. Chem. Soc},
  volume={110},
  number={6},
  pages={1657--1666},
  year={1988}
}

@article{klauda10,
  author={Jeffery B. Klauda and Richard M. Venable and J. Alfredo Freites and Joseph W. O'Connor and Douglas J. Tobias and Carlos Mondragon-Ramirez and Igor Vorobyov and Alexander D. {MacKerell Jr} and Richard W. Pastor},
  title={{Update of the {CHARMM} All-Atom Additive Force Field for Lipids: Validation on Six Lipid Types}},
  journal={J. Phys. Chem. B},
  year={2010},
  volume={114},
  number={23},
  pages={7830--7843},
}

@article{lim12,
author = {Lim, Joseph B. and Rogaski, Brent and Klauda, Jeffery B.},
title = {{Update of the Cholesterol Force Field Parameters in {CHARMM}}},
journal = {J. Phys. Chem. B},
volume = {116},
number = {1},
pages = {203--210},
year = {2012},
}

@article{dickson14,
  author = {Dickson, Callum J. and Madej, Benjamin D. and Skjevik, \AAge A. and Betz, Robin M. and Teigen, Knut and Gould, Ian R. and Walker, Ross C.},
  title = {{Lipid14: The Amber Lipid Force Field}},
  journal = {J. Chem. Theory Comput.}, 
  volume = {10},
  number = {2},
  pages = {865--879},
  year = {2014}, 
}

@article{madej15,
  author = {Benjamin D. Madej and Ian R. Gould and Ross C. Walker},
  title = {{A Parameterization of Cholesterol for Mixed Lipid Bilayer Simulation within the {A}mber {L}ipid14 Force Field}},
  journal = {J. Phys. Chem. B},
  volume = {119},
  number = {38},
  pages = {12424--12435},
  year = {2015},
}

@article{jambeck12b,
  author = {J{\"a}mbeck, Joakim P. M. and Lyubartsev, Alexander P.},
  title = {{An Extension and Further Validation of an All-Atomistic Force Field for Biological Membranes}},
  journal = {J. Chem. Theory Comput.},
  volume = {8},
  number = {8},
  pages = {2938--2948},
  year = {2012},
}

@article{jambeck12,
  author = {J{\"a}mbeck, Joakim P. M. and Lyubartsev, Alexander P.},
  title = {{Derivation and Systematic Validation of a Refined  All-Atom Force Field for Phosphatidylcholine Lipids}},
  journal = {J. Phys. Chem. B},
  volume = {116},
  number = {10},
  pages = {3164--3179},
  year = {2012},
}

@article{lee16,
  author = {Lee, Jumin and Cheng, Xi and Swails, Jason M. and Yeom, Min Sun and Eastman, Peter K. and Lemkul, Justin A. and Wei, Shuai and Buckner, Joshua and Jeong, Jong Cheol and Qi, Yifei and Jo, Sunhwan and Pande, Vijay S. and Case, David A. and Brooks, Charles L. and MacKerell, Alexander D. and Klauda, Jeffery B. and Im, Wonpil},
  title = {{CHARMM-GUI Input Generator for NAMD, GROMACS, AMBER, OpenMM, and CHARMM/OpenMM Simulations Using the CHARMM36 Additive Force Field}},
  journal = {J. Chem. Theory Comput.},
  volume = {12},
  number = {1},
  pages = {405-413},
  year = {2016},
}

@article{lee2020charmm,
  title={{CHARMM-GUI Supports the Amber Force Fields}},
  author={Lee, Jumin and Hitzenberger, Manuel and Rieger, Manuel and Kern, Nathan R and Zacharias, Martin and Im, Wonpil},
  journal={J. Chem. Phys.},
  volume={153},
  number={3},
  pages={035103},
  year={2020},
  publisher={AIP Publishing LLC}
}

@article{vogele2016divergent,
  title={{Divergent Diffusion Coefficients in Simulations of Fluids and Lipid Membranes}},
  author={Vögele, Martin and Hummer, Gerhard},
  journal={J. Phys. Chem. B},
  volume={120},
  number={33},
  pages={8722--8732},
  year={2016},
  publisher={ACS Publications}
}

@article{vogele2018hydrodynamics,
  title={{Hydrodynamics of Diffusion in Lipid Membrane Simulations}},
  author={V{\"o}gele, Martin and K{\"o}finger, J{\"u}rgen and Hummer, Gerhard},
  journal={Phys. Rev. Lett.},
  volume={120},
  number={26},
  pages={268104},
  year={2018},
  publisher={APS}
}

@article{filippov2003effect,
  title={{The Effect of Cholesterol on the Lateral Diffusion of Phospholipids in Oriented Bilayers}},
  author={Filippov, Andrey and Or{\"a}dd, Greger and Lindblom, G{\"o}ran},
  journal={Biophys. J.},
  volume={84},
  number={5},
  pages={3079--3086},
  year={2003},
  publisher={Elsevier}
}

@article{filippov2003influence,
  title={{Influence of Cholesterol and Water Content on Phospholipid Lateral Diffusion in Bilayers}},
  author={Filippov, Andrey and Or{\"a}dd, Greger and Lindblom, G{\"o}ran},
  journal={Langmuir},
  volume={19},
  number={16},
  pages={6397--6400},
  year={2003},
  publisher={ACS Publications}
}

@article{Ollila16,
  title = {{Atomistic Resolution Structure and Dynamics of Lipid Bilayers in Simulations and Experiments}},
  journal = {Biochim. Biophys. Acta},
  volume = {1858},
  number = {10},
  pages = {2512--2528},
  year = {2016},
  author = {Ollila, O.H. Samuli and Pabst, Georg},
}

@article{catte2016molecular,
  title={{Molecular Electrometer and Binding of Cations to Phospholipid Bilayers}},
  author={Catte, Andrea and Girych, Mykhailo and Javanainen, Matti and Loison, Claire and Melcr, Josef and Miettinen, Markus S and Monticelli, Luca and M{\"a}{\"a}tt{\"a}, Jukka and Oganesyan, Vasily S and Ollila, OH Samuli and others},
  journal={Phys. Chem. Chem. Phys.},
  volume={18},
  number={47},
  pages={32560--32569},
  year={2016},
  publisher={Royal Society of Chemistry}
}

@article{bacle2021inverse,
  title={{Inverse Conformational Selection in Lipid--Protein Binding}},
  author={Bacle, Am{\'e}lie and Buslaev, Pavel and Garcia-Fandino, Rebeca and Favela-Rosales, Fernando and Mendes Ferreira, Tiago and Fuchs, Patrick FJ and Gushchin, Ivan and Javanainen, Matti and Kiirikki, Anne M and Madsen, Jesper J and others},
  journal={J. Am. Chem. Soc.},
  volume={143},
  number={34},
  pages={13701--13709},
  year={2021},
  publisher={ACS Publications}
}

@article{antila2019headgroup,
  title={{Headgroup Structure and Cation Binding in Phosphatidylserine Lipid Bilayers}},
  author={Antila, Hanne and Buslaev, Pavel and Favela-Rosales, Fernando and Ferreira, Tiago M and Gushchin, Ivan and Javanainen, Matti and Kav, Batuhan and Madsen, Jesper J and Melcr, Josef and Miettinen, Markus S and others},
  journal={J. Phys. Chem. B},
  volume={123},
  number={43},
  pages={9066--9079},
  year={2019},
  publisher={ACS Publications}
}

@misc{NMRlipidsDatabank,
  author = {Anne M. Kiirikki and Hanne S. Antila and Lara Bort and Pavel Buslaev and Fernando Favela and Tiago Mendes Ferreira and Patrick F.J. Fuchs and Rebeca Garcia-Fandino and Ivan Gushchin and Batuhan Kav and Patrik Kula and Milla Kurki and Alexander Kuzmin and Jesper J. Madsen and Markus S. Miettinen and Ricky Nencini and Thomas Piggot and Angel Pineiro and Suman Samantray and Fabian Suarez-Leston and O. H. S. Ollila},
  title = {{NMRlipids Databank: Making Data-Driven Analyses of Membrane Properties Accessible for All}},
  year = {2023},
  url= {https://doi.org/10.26434/chemrxiv-2023-jrpwm},
}

@article{melcr18,
  author = {Melcr, Josef and Martinez-Seara, Hector and Nencini, Ricky and Kolafa, Jiří and Jungwirth, Pavel and Ollila, O. H. Samuli},
  title = {{Accurate Binding of Sodium and Calcium to a POPC Bilayer by Effective Inclusion of Electronic Polarization}},
  journal = {J. Phys. Chem. B},
  volume = {122},
  number = {16},
  pages = {4546--4557},
  year = {2018},
}


@article{melcr19,
  author = {Melcr, Josef and Mendes Ferreira, Tiago and Jungwirth, Pavel and Ollila, O.H. Samuli},
  title = {{Improved Cation Binding to Lipid Bilayer with Negatively Charged POPS by Effective Inclusion of Electronic Polarization}},
  journal = {J. Chem. Theory Comput.},
  pages = {https://doi.org/10.1021/acs.jctc.9b00824},
  year = {2019},
}

@article{nencini22,
  author = {Nencini, Ricky and Ollila, O. H. Samuli},
  title = {{Charged Small Molecule Binding to Membranes in MD Simulations Evaluated against NMR Experiments}},
  journal = {J. Phys. Chem. B},
  volume = {126},
  number = {36},
  pages = {6955-6963},
  year = {2022},
}

@article{antila22b,
  title = {{Rotational Decoupling Between the Hydrophilic and Hydrophobic Regions in Lipid Membranes}},
  journal = {Biophys. J.},
  volume = {121},
  number = {1},
  pages = {68--78},
  year = {2022},
  author = {Hanne S. Antila and Anika Wurl and O.H. Samuli Ollila and Markus S. Miettinen and Tiago M. Ferreira},
}

@article{jambeck13b,
  author = {Jämbeck, Joakim P. M. and Lyubartsev, Alexander P.},
  title = {{Another Piece of the Membrane Puzzle: Extending Slipids Further}},
  journal = {J. Chem. Theory Comput.},
  volume = {9},
  number = {1},
  pages = {774--784},
  year = {2013},
}

@article{grote2020optimization,
  title={{Optimization of Slipids Force Field Parameters Describing Headgroups of Phospholipids}},
  author={Grote, Fredrik and Lyubartsev, Alexander P},
  journal={J. Phys. Chem. B},
  volume={124},
  number={40},
  pages={8784--8793},
  year={2020},
  publisher={ACS Publications}
}

@article{Kulig16,
  title = {{\textit{Cis} and \textit{Trans} Unsaturated Phosphatidylcholine Bilayers: A Molecular Dynamics Simulation Study}},
  journal = {Chem. Phys. Lipids},
  volume = {195},
  pages = {12--20},
  year = {2016},
  author = {Kulig, Waldemar and Pasenkiewicz-Gierula, Marta and R{\'o}g, Tomasz},
}

@article{kulig15,
  title = {{Experimental Determination and Computational Interpretation of Biophysical Properties of Lipid Bilayers Enriched by Cholesteryl Hemisuccinate}},
  journal = {Biochim. Biophys. Acta},
  volume = {1848},
  number = {2},
  pages = {422--432},
  year = "2015",
  author = {Kulig, Waldemar and Jurkiewicz, Piotr and Ol{\.z}y{\'n}ska, Agnieszka and Tynkkynen, Joona and Javanainen, Matti and Manna, Moutusi and R{\'o}g, Tomasz and Hof, Martin and Vattulainen, Ilpo and Jungwirth, Pavel},
}

@article{pall2020heterogeneous,
  title={{Heterogeneous Parallelization and Acceleration of Molecular Dynamics Simulations in GROMACS}},
  author={P{\'a}ll, Szil{\'a}rd and Zhmurov, Artem and Bauer, Paul and Abraham, Mark and Lundborg, Magnus and Gray, Alan and Hess, Berk and Lindahl, Erik},
  journal={J. Chem. Phys.},
  volume={153},
  number={13},
  pages={134110},
  year={2020},
  publisher={AIP Publishing LLC}
}

@article{ong2019temperature,
  title={{The Temperature-Dependent Structure, Hydrogen Bonding and Other Related Dynamic Properties of the Standard TIP3P and CHARMM-Modified TIP3P Water Models}},
  author={Ong, Ernest ES and Liow, Jong-Leng},
  journal={Fluid Ph. Equilibria},
  volume={481},
  pages={55--65},
  year={2019},
  publisher={Elsevier}
}

@article{amidror2002scattered,
  title={{Scattered Data Interpolation Methods for Electronic Imaging Systems: A Survey}},
  author={Amidror, Isaac},
  journal={J. Electron. Imaging},
  volume={11},
  number={2},
  pages={157--176},
  year={2002},
  publisher={Society of Photo-Optical Instrumentation Engineers}
}

@Article{ferreira13,
  author ={Ferreira, Tiago Mendes and Coreta-Gomes, Filipe and Ollila, O. H. Samuli and Moreno, Maria Joao and Vaz, Winchil L. C. and Topgaard, Daniel},
  title  = {{Cholesterol and {POPC} Segmental Order Parameters in Lipid Membranes: Solid State $^1${H}-$^{13}${C} {NMR} and {MD} Simulation Studies}},
  journal  = {Phys. Chem. Chem. Phys.},
  year  = {2013},
  volume  = {15},
  issue  = {6},
  pages  = {1976--1989}
}

@article{Ipsen87,
  title = {{Phase Equilibria in the Phosphatidylcholine--Cholesterol System}},
  journal = {Biochim. Biophys. Acta},
  volume = {905},
  number = {1},
  pages = {162--172},
  year = {1987},
  author = {J. Hjort Ipsen and G. Karlstr{\"o}m and O.G. Mouritsen and H. Wennerstr{\"o}m and M.J. Zuckermann},
}

@article{Heftberger15,
  title = {{In Situ Determination of Structure and Fluctuations of Coexisting Fluid Membrane Domains}},
  journal = {Biophys. J.},
  volume = {108},
  number = {4},
  pages = {854--862},
  year = {2015},
  author = {Peter Heftberger and Benjamin Kollmitzer and Alexander A. Rieder and Heinz Amenitsch and Georg Pabst}
}

@article{Marquardt15,
  author = {Marquardt, Drew and Heberle, Frederick A. and Nickels, Jonathan D. and Pabst, Georg and Katsaras, John},
  year = {2015},
  title = {{On Scattered Waves and Lipid Domains: Detecting Membrane Rafts With X-rays and Neutrons}},
  journal = {Soft Matter},
  volume  = {11},
  pages  = {9055--9072},
}

@article{Kucerka08a,
  title = {{Lipid Bilayer Structure Determined by the Simultaneous Analysis of Neutron and X-ray Scattering Data}},
  journal = {Biophys. J.},
  volume = {95},
  pages = {2356--2367},
  year = {2008},
  author = {Norbert Ku{\v c}erka and John F. Nagle and Jonathan N. Sachs and Scott E. Feller and Jeremy Pencer and Andrew Jackson and John Katsaras}
}

@article{doktorova2020molecular,
  title={{Molecular Structure of Sphingomyelin in Fluid Phase Bilayers Determined by the Joint Analysis of Small-Angle Neutron and X-Ray Scattering Data}},
  author={Doktorova, Milka and Kučerka, Norbert and Kinnun, Jacob J and Pan, Jianjun and Marquardt, Drew and Scott, Haden L and Venable, Richard M and Pastor, Richard W and Wassall, Stephen R and Katsaras, John and Heberle, Frederick A.},
  journal={J. Phys. Chem. B},
  volume={124},
  number={25},
  pages={5186--5200},
  year={2020},
  publisher={ACS Publications}
}

@article{camley2015strong,
  title={{Strong Influence of Periodic Boundary Conditions on Lateral Diffusion in Lipid Bilayer Membranes}},
  author={Camley, Brian A and Lerner, Michael G and Pastor, Richard W and Brown, Frank LH},
  journal={J. Chem. Phys.},
  volume={143},
  number={24},
  pages={12B604\_1},
  year={2015},
  publisher={AIP Publishing LLC}
}

@article{fabian2023protein,
  title={{Protein Crowding and Cholesterol Increase Cell Membrane Viscosity in a Temperature Dependent Manner}},
  author={Fabian, Balazs and Vattulainen, Ilpo and Javanainen, Matti},
  journal={Accepted to J. Chem. Theory Comput.},
  doi={10.1021/acs.jctc.3c00060},
  pages={2023--02},
  year={2023},
  publisher={Cold Spring Harbor Laboratory}
}


@article{faizi2022vesicle,
  title={{A Vesicle Microrheometer for High-Throughput Viscosity Measurements of Lipid and Polymer Membranes}},
  author={Faizi, Hammad A and Dimova, Rumiana and Vlahovska, Petia M},
  journal={Biophys. J.},
  volume={121},
  number={6},
  pages={910--918},
  year={2022},
  publisher={Elsevier}
}

@phdthesis{heftbergerthesis,
  author={Heftberger, Peter},
  title={{Structure and Elasticity of Fluid Membrane Domains}},
  year={2015},
  url={https://diglib.tugraz.at/structure-and-elasticity-of-fluid-membrane-domains-2015},
  school={Graz University of Technology},
}

@article{leonard2018comparison,
  title={{Comparison of Additive and Polarizable Models With Explicit Treatment of Long-Range Lennard-Jones Interactions Using Alkane Simulations}},
  author={Leonard, Alison N and Simmonett, Andrew C and Pickard IV, Frank C and Huang, Jing and Venable, Richard M and Klauda, Jeffery B and Brooks, Bernard R and Pastor, Richard W},
  journal={J. Chem. Theory Comput.},
  volume={14},
  number={2},
  pages={948--958},
  year={2018},
  publisher={ACS Publications}
}

@article{Holtje01,
  title = {{Molecular Dynamics Simulations of Stratum Corneum Lipid Models: Fatty Acids and Cholesterol}},
  journal = {Biochim. Biophys. Acta},
  volume = {1511},
  pages = {156--167},
  year = {2001},
  author = {Monika H{\"o}ltje and Thomas F{\"o}rster and Birte Brandt and Thomas Engels and Wolfgang von Rybinski and Hans-Dieter H{\"o}ltje},
}

@article{Berger97,
  title = {{Molecular Dynamics Simulations of a Fluid Bilayer of Dipalmitoylphosphatidylcholine at Full Hydration, Constant Pressure, and Constant Temperature}},
  journal = {Biophys. J.},
  volume = {72},
  pages = {2002--2013},
  year = {1997},
  author = {Berger, O. and Edholm, O. and J{\"a}hnig, F.}
}

@article{edholm2005areas,
  title={{Areas of Molecules in Membranes Consisting of Mixtures}},
  author={Edholm, Olle and Nagle, John F},
  journal={Biophys. J.},
  volume={89},
  number={3},
  pages={1827--1832},
  year={2005},
  publisher={Elsevier}
}

@article{javanainen2017two,
  title={{Two Cations, Two Mechanisms: Interactions of Sodium and Calcium With Zwitterionic Lipid Membranes}},
  author={Javanainen, Matti and Melcrov{\'a}, Ad{\'e}la and Magarkar, Aniket and Jurkiewicz, Piotr and Hof, Martin and Jungwirth, Pavel and Martinez-Seara, Hector},
  journal={Chem. Commun.},
  volume={53},
  number={39},
  pages={5380--5383},
  year={2017},
  publisher={Royal Society of Chemistry}
}

@article{wang2020membrane,
  title={{Membrane Heterogeneity Beyond the Plasma Membrane}},
  author={Wang, Hong-Yin and Bharti, Deepti and Levental, Ilya},
  journal={Front. Cell Dev. Biol.},
  volume={8},
  pages={580814},
  year={2020},
  publisher={Frontiers Media SA}
}

@article{kinnun2020lateral,
  title={{Lateral Heterogeneity and Domain Formation in Cellular Membranes}},
  author={Kinnun, Jacob J and Bolmatov, Dima and Lavrentovich, Maxim O and Katsaras, John},
  journal={Chem. Phys. Lipids},
  volume={232},
  pages={104976},
  year={2020},
  publisher={Elsevier}
}

@Article{Simons97,
  author	= {K. Simons and E. Ikonen},
  title	= {{Functional Rafts in Cell Membranes}},
  journal	= {Nature},
  year	= 1997,
  volume	= 387,
  pages	= {569-572},
}

@article{gimpl2016interaction,
  title={{Interaction of G Protein Coupled Receptors and Cholesterol}},
  author={Gimpl, Gerald},
  journal={Chem. Phys. Lipids},
  volume={199},
  pages={61--73},
  year={2016},
  publisher={Elsevier}
}

@article{milovanovic2015hydrophobic,
  title={{Hydrophobic Mismatch Sorts SNARE Proteins Into Distinct Membrane Domains}},
  author={Milovanovic, Dragomir and Honigmann, Alf and Koike, Seiichi and G{\"o}ttfert, Fabian and P{\"a}hler, Gesa and Junius, Meike and M{\"u}llar, Stefan and Diederichsen, Ulf and Janshoff, Andreas and Grubm{\"u}ller, Helmut and Eggeling, Christian and Hell, Stefan W. and van den Bogaart, Geert and Jahn, Reinhard},
  journal={Nat. Commun.},
  volume={6},
  number={1},
  pages={1--10},
  year={2015},
  publisher={Nature Publishing Group}
}

@article{kelkar2007modulation,
  title={{Modulation of Gramicidin Channel Conformation and Organization by Hydrophobic Mismatch in Saturated Phosphatidylcholine Bilayers}},
  author={Kelkar, Devaki A and Chattopadhyay, Amitabha},
  journal={Biochim. Biophys. Acta},
  volume={1768},
  number={5},
  pages={1103--1113},
  year={2007},
  publisher={Elsevier}
}

@article{guixa2017membrane,
  title={{Membrane Cholesterol Access Into a G-Protein-Coupled Receptor}},
  author={Guix{\`a}-Gonz{\'a}lez, Ramon and Albasanz, Jos{\'e} L and Rodriguez-Espigares, Ismael and Pastor, Manuel and Sanz, Ferran and Mart{\'\i}-Solano, Maria and Manna, Moutusi and Martinez-Seara, Hector and Hildebrand, Peter W and Mart{\'\i}n, Mairena and Selent, Jana},
  journal={Nat. Commun.},
  volume={8},
  number={1},
  pages={1--12},
  year={2017},
  publisher={Nature Publishing Group}
}

@article{brooks1983charmm,
  title={{CHARMM: A Program for Macromolecular Energy, Minimization, and Dynamics Calculations}},
  author={Brooks, Bernard R and Bruccoleri, Robert E and Olafson, Barry D and States, David J and Swaminathan, S a and Karplus, Martin},
  journal={J. Comput. Chem.},
  volume={4},
  number={2},
  pages={187--217},
  year={1983},
  publisher={Wiley Online Library}
}

@article{cornell1995second,
  title={{A Second Generation Force Field for the Simulation of Proteins, Nucleic Acids, and Organic Molecules}},
  author={Cornell, Wendy D and Cieplak, Piotr and Bayly, Christopher I and Gould, Ian R and Merz, Kenneth M and Ferguson, David M and Spellmeyer, David C and Fox, Thomas and Caldwell, James W and Kollman, Peter A},
  journal={J. Am. Chem. Soc.},
  volume={117},
  number={19},
  pages={5179--5197},
  year={1995},
  publisher={ACS Publications}
}

@article{Klauda06,
  title = {{Simulation-Based Methods for Interpreting X-Ray Data from Lipid Bilayers}},
  journal = {Biophys. J.},
  volume = {90},
  number = {8},
  pages = {2796--2807},
  year = {2006},
  autho = {Jeffery B. Klauda and Norbert Kučerka and Bernard R. Brooks and Richard W. Pastor and John F. Nagle}
}

@article{kinnunen91,
  title = {{On the Principles of Functional Ordering in Biological Membranes}},
  journal = {Chem. Phys. Lipids},
  volume = {57},
  number = {2},
  pages = {375--399},
  year = {1991},
  author = {Paavo K.J. Kinnunen},
}

@article{mouritsen2004s,
  title={{What's So Special About Cholesterol?}},
  author={Mouritsen, Ole G and Zuckermann, Martin J},
  journal={Lipids},
  volume={39},
  number={11},
  pages={1101--1113},
  year={2004},
  publisher={Wiley Online Library}
}

@article{Rog14,
  title = {{Cholesterol, Sphingolipids, and Glycolipids: What Do We Know About Their Role in Raft-Like Membranes?}},
  journal = {Chem. Phys. Lipids},
  volume = {184},
  pages = {82--104},
  year = {2014},
  author = {Tomasz R{\'o}g and Ilpo Vattulainen},
}

@article{maciejewski14,
  author = {Maciejewski, Arkadiusz and Pasenkiewicz-Gierula, Marta and Cramariuc, Oana and Vattulainen, Ilpo and R{\'o}g, Tomasz},
  title = {{Refined {OPLS} All-Atom Force Field for Saturated Phosphatidylcholine Bilayers at Full Hydration}},
  journal = {J. Phys. Chem. B},
  volume = {118},
  number = {17},
  pages = {4571--4581},
  year = {2014},
}

@article{botan15,
  author = {Alexandru Botan and Fernando Favela-Rosales and Patrick F. J. Fuchs and Matti Javanainen and Matej Kandu{\v c} and Waldemar Kulig and Antti Lamberg and Claire Loison and Alexander Lyubartsev and Markus S. Miettinen and Luca Monticelli and Jukka M{\"a}{\"a}tt{\"a} and O. H. Samuli Ollila and Marius Retegan and Tomasz R{\'o}g and Hubert Santuz and Joona Tynkkynen},
  title = {{Toward Atomistic Resolution Structure of Phosphatidylcholine Headgroup and Glycerol Backbone at Different Ambient Conditions}},
  journal = {J. Phys. Chem. B},
  volume = {119},
  pages = {15075--15088},
  year = {2015},
}

@article{rieder2015optimizing,
  title={{Optimizing Rapid Solvent Exchange Preparation of Multilamellar Vesicles}},
  author={Rieder, AA and Koller, D and Lohner, K and Pabst, G},
  journal={Chem. Phys. Lipids},
  volume={186},
  pages={39--44},
  year={2015},
  publisher={Elsevier}
}

@article{belivcka2017high,
  title={{High-Resolution Structure of Coexisting Nanoscopic and Microscopic Lipid Domains}},
  author={Beli{\v{c}}ka, Michal and Weitzer, Anna and Pabst, Georg},
  journal={Soft Matter},
  volume={13},
  number={9},
  pages={1823--1833},
  year={2017},
  publisher={Royal Society of Chemistry}
}

@article{buboltz1999novel,
  title={{A Novel Strategy for the Preparation of Liposomes: Rapid Solvent Exchange}},
  author={Buboltz, Jeffrey T and Feigenson, Gerald W},
  journal={Biochim. Biophys. Acta},
  volume={1417},
  number={2},
  pages={232--245},
  year={1999},
  publisher={Elsevier}
}

@article{heberle12,
  year={2012},
  journal={Eur. Biophys. J.},
  volume={41},
  number={10},
  title={{Model-Based Approaches for the Determination of Lipid Bilayer Structure From Small-Angle Neutron and X-Ray Scattering Data}},
  author={Heberle, FrederickA. and Pan, Jianjun and Standaert, RobertF. and Drazba, Paul and Ku{\v c}erka, Norbert and Katsaras, John},
  pages={875--890},
}

@article{kucerka12,
  author = {Norbert Ku{\v c}erka and Bryan W. Holland and Chris G. Gray and Bruno Tomberli and John Katsaras},
  title = {{Scattering Density Profile Model of {POPG} Bilayers As Determined by Molecular Dynamics Simulations and Small-Angle Neutron and X-Ray Scattering Experiments}},
  journal = {J. Phys. Chem. B},
  volume = {116},
  pages = {232--239},
  year = {2012},
}


@article{pan12,
  author = {Jianjun Pan and Xiaolin Cheng and Frederick A. Heberle and Barmak Mostofian and Norbert Ku{\v c}erka and Paul Drazba and John Katsaras},
  title = {{Interactions between Ether Phospholipids and Cholesterol As Determined by Scattering and Molecular Dynamics Simulations}},
  journal = {J. Phys. Chem. B},
  volume = {116},
  number = {51},
  pages = {14829--14838},
  year = {2012},
}

@article{cebecauer2018membrane,
  title={{Membrane Lipid Nanodomains}},
  author={Cebecauer, Marek and Amaro, Mariana and Jurkiewicz, Piotr and Sarmento, Maria Joao and Sachl, Radek and Cwiklik, Lukasz and Hof, Martin},
  journal={Chem. Rev.},
  volume={118},
  number={23},
  pages={11259--11297},
  year={2018},
  publisher={ACS Publications}
}

@article{kulig14,
  year={2014},
  journal={J. Mol. Model.},
  volume={20},
  number={2},
  title={{How Well Does Cholesteryl Hemisuccinate Mimic Cholesterol in Saturated Phospholipid Bilayers?}},
  author={Kulig, Waldemar and Tynkkynen, Joona and Javanainen, Matti and Manna, Moutusi and R{\'o}g, Tomasz and Vattulainen, Ilpo and Jungwirth, Pavel},
}

@article{antila2022emerging,
  title={{Emerging Era of Biomolecular Membrane Simulations: Automated Physically-Justified Force Field Development and Quality-Evaluated Databanks}},
  author={Antila, Hanne S and Kav, Batuhan and Miettinen, Markus S and Martinez-Seara, Hector and Jungwirth, Pavel and Ollila, OH Samuli},
  journal={J. Phys. Chem. B},
  publisher={ACS Publications},
  volume={126},
  number={23},
  pages={4169--4183},
  year={2022},
}

@article{Heftberger.2014,
  author = {Heftberger, Peter and Kollmitzer, Benjamin and Heberle, Frederick A. and Pan, Jianjun and Rappolt, Michael and Amenitsch, Heinz and Ku{\v{c}}erka, Norbert and Katsaras, John and Pabst, Georg},
  year = {2014},
  title = {{Global Small-Angle X-Ray Scattering Data Analysis for Multilamellar Vesicles: The Evolution of the Scattering Density Profile Model}},
  pages = {173--180},
  volume = {47},
  journal = {J. Appl. Crystallogr.},
}

@article{harder2016opls3,
  title={{OPLS3: A Force Field Providing Broad Coverage of Drug-Like Small Molecules and Proteins}},
  author={Harder, Edward and Damm, Wolfgang and Maple, Jon and Wu, Chuanjie and Reboul, Mark and Xiang, Jin Yu and Wang, Lingle and Lupyan, Dmitry and Dahlgren, Markus K and Knight, Jennifer L and others},
  journal={J. Chem. Theory Comput.},
  volume={12},
  number={1},
  pages={281--296},
  year={2016},
  publisher={ACS Publications}
}

@article{hess97,
  author={B. Hess and H. Bekker and H. J. C. Berendsen and J. G. E. M. Fraaije},
  title={{{LINCS}: A Linear Constraint Solver for Molecular Dynamics Simulations}},
  JOURNAL={J. Comput. Chem.},
  YEAR={1997},
  volume={18},
  pages={1463--1472},
}

@article{hess07,
  author = {Hess, Berk},
  title = {{P-LINCS: A Parallel Linear Constraint Solver for Molecular Simulation}},
  journal = {J. Chem. Theory Comput.},
  volume = {4},
  number = {1},
  pages = {116--122},
  year = {2008},
}

@article{pall2013flexible,
  title={{A Flexible Algorithm for Calculating Pair Interactions on SIMD Architectures}},
  author={P{\'a}ll, Szil{\'a}rd and Hess, Berk},
  journal={Comput. Phys. Commun.},
  volume={184},
  number={12},
  pages={2641--2650},
  year={2013},
  publisher={Elsevier}
}

@article{shirts2007accurate,
  title={{Accurate and Efficient Corrections for Missing Dispersion Interactions in Molecular Simulations}},
  author={Shirts, Michael R and Mobley, David L and Chodera, John D and Pande, Vijay S},
  journal={J. Phys. Chem. B},
  volume={111},
  number={45},
  pages={13052--13063},
  year={2007},
  publisher={ACS Publications}
}

@article{berendsen1984molecular,
  title={{Molecular Dynamics With Coupling to an External Bath}},
  author={Berendsen, Herman JC and Postma, JPM van and Van Gunsteren, Wilfred F and DiNola, ARHJ and Haak, Jan R},
  journal={J. Chem. Phys.},
  volume={81},
  number={8},
  pages={3684--3690},
  year={1984},
  publisher={American Institute of Physics}
}

@article{parrinello1981polymorphic,
  title={{Polymorphic Transitions in Single Crystals: A New Molecular Dynamics Method}},
  author={Parrinello, Michele and Rahman, Aneesur},
  journal={J. Appl. Phys.},
  volume={52},
  number={12},
  pages={7182--7190},
  year={1981},
  publisher={American Institute of Physics}
}

@article{nose84,
  author={S. Nose},
  title={{A Molecular Dynamics Method for Simulations in the Canonical Ensemble}},
  journal={Mol. Phys.},
  year={1984},
  volume={52},
  pages={255--268},
}

@article{parrinello81,
  author={M. Parrinello and A. Rahman},
  title={{Polymorphic Transitions in Single Crystals: A New Molecular Dynamics Method}},
  journal={J. Appl. Phys.},
  year={1981},
  volume={52},
  pages={7182--7190},
}

@article{hoover85,
  author={W. G. Hoover},
  title={{Canonical Dynamics: Equilibrium Phase-Space Distributions}},
  journal={Phys. Rev. A},
  year={1985},
  volume={31},
  pages={1695--1697},
}

@article{essman95,
  author={U. L. Essman and M. L. Perera and M. L. Berkowitz and T. Larden and H. Lee and L. G. Pedersen},
  title={{A Smooth Particle Mesh Ewald Potential}},
  journal={J. Chem. Phys.},
  year={1995},
  volume={103},
  pages={8577--8592},
}

@article{darden93,
   author = {Darden, Tom and York, Darrin and Pedersen, Lee},
   title = {{Particle Mesh Ewald: An N$\cdot$log(N) Method for Ewald Sums in Large Systems}},
   journal = {J. Chem. Phys.},
   year = {1993},
   volume = {98},
   number = {12}, 
   pages ={10089--10092},
}


@article{durell1994solvent,
  title={{Solvent-Induced Forces Between Two Hydrophilic Groups}},
  author={Durell, Stewart R and Brooks, Bernard R and Ben-Naim, Arieh},
  journal={J. Phys. Chem.},
  volume={98},
  number={8},
  pages={2198--2202},
  year={1994},
  publisher={ACS Publications}
}

@dataset{macrogpopc,
  author = {Milan Rodriguez, Paula and
                  Fuchs, Patrick F.J.},
  title = {{MacRog Pure POPC MD Simulation (300 K - 500ns - 1 bar)}},
  year = {2020},
  publisher = {Zenodo},
  doi = {10.5281/zenodo.3741793},
  url = {https://doi.org/10.5281/zenodo.3741793}
}

@article{bussi07,
   author = {Bussi, Giovanni and Donadio, Davide and Parrinello, Michele},
   title = {{Canonical Sampling Through Velocity Rescaling}},
   journal = {J. Chem. Phys.},
   year = {2007},
   volume = {126},
   number = {1}, 
}

@article{jorgensen83,
   author = {Jorgensen, William L. and Chandrasekhar, Jayaraman and Madura, Jeffry D. and Impey, Roger W. and Klein, Michael L.},
   title = {{Comparison of Simple Potential Functions for Simulating Liquid Water}},
   journal = {J. Chem. Phys.},
   year = {1983},
   volume = {79},
   number = {2}, 
   pages = {926--935},
 }

@article{manna2016mechanism,
  title={{Mechanism of Allosteric Regulation of $\beta$2-Adrenergic Receptor by Cholesterol}},
  author={Manna, Moutusi and Niemel{\"a}, Miia and Tynkkynen, Joona and Javanainen, Matti and Kulig, Waldemar and M{\"u}ller, Daniel J and Rog, Tomasz and Vattulainen, Ilpo},
  journal={eLife},
  volume={5},
  pages={e18432},
  year={2016},
  publisher={eLife Sciences Publications, Ltd}
}